<collection xmlns="http://www.loc.gov/MARC21/slim">
<record>
  <leader>00754nam0a22002051i 450 </leader>
  <controlfield tag="001">IT\ICCU\CNCE\030201</controlfield>
  <controlfield tag="005">20130327000000.0</controlfield>
  <datafield tag="100" ind1=" " ind2=" ">
    <subfield code="a">19971126d1590        0itac0103    ba</subfield>
  </datafield>
  <datafield tag="101" ind1=" " ind2=" ">
    <subfield code="a">LAT</subfield>
  </datafield>
  <datafield tag="102" ind1=" " ind2=" ">
    <subfield code="a">IT</subfield>
  </datafield>
  <datafield tag="200" ind1="1" ind2=" ">
    <subfield code="a">Tractatus de promouendis episcopis</subfield>
  </datafield>
  <datafield tag="210" ind1=" " ind2=" ">
    <subfield code="a">Maceratae</subfield>
    <subfield code="c">apud S. Martellinum 1590</subfield>
  </datafield>
  <datafield tag="215" ind1=" " ind2=" ">
    <subfield code="a">\8!, 301, \1! p.</subfield>
    <subfield code="d">24ʻ</subfield>
  </datafield>
  <datafield tag="620" ind1=" " ind2=" ">
    <subfield code="a">IT</subfield>
    <subfield code="d">Macerata</subfield>
  </datafield>
  <datafield tag="700" ind1=" " ind2="1">
    <subfield code="a">Medici,</subfield>
    <subfield code="b">Sebastiano</subfield>
    <subfield code="3">IT\ICCU\CNCA\003435</subfield>
  </datafield>
  <datafield tag="712" ind1="0" ind2="0">
    <subfield code="a">Martellini, Sebastiano</subfield>
    <subfield code="3">IT\ICCU\CNCT\000296</subfield>
    <subfield code="4">650</subfield>
  </datafield>
  <datafield tag="790" ind1=" " ind2="1">
    <subfield code="a">Medices,</subfield>
    <subfield code="b">Sebastianus</subfield>
    <subfield code="3">IT\ICCU\CNCA\017888</subfield>
    <subfield code="z">Medici, Sebastiano</subfield>
  </datafield>
  <datafield tag="790" ind1=" " ind2="1">
    <subfield code="a">Medici,</subfield>
    <subfield code="b">Sebastiano : de&apos;</subfield>
    <subfield code="3">IT\ICCU\CNCA\021063</subfield>
    <subfield code="z">Medici, Sebastiano</subfield>
  </datafield>
  <datafield tag="791" ind1="0" ind2="0">
    <subfield code="a">Martellinus, Sebastianus</subfield>
    <subfield code="3">IT\ICCU\CNCT\005040</subfield>
    <subfield code="z">Martellini, Sebastiano</subfield>
  </datafield>
  <datafield tag="801" ind1=" " ind2="3">
    <subfield code="a">IT</subfield>
    <subfield code="b">ICCU</subfield>
    <subfield code="c">20201114</subfield>
  </datafield>
</record>
</collection>
